<record><leader>00000cas a2200000 a 4500</leader><controlfield tag="001">11993998</controlfield><controlfield tag="008">850503d186u1871ksuwr ne      0    0eng d</controlfield><datafield ind1=" " ind2=" " tag="010"><subfield code="a">sn 85030440 </subfield><subfield code="z">sn 82016019 </subfield></datafield><datafield ind1=" " ind2=" " tag="040"><subfield code="a">KSH</subfield><subfield code="b">eng</subfield><subfield code="c">KSH</subfield><subfield code="d">NPT</subfield><subfield code="d">DLC</subfield><subfield code="d">NPT</subfield><subfield code="d">OCL</subfield><subfield code="d">DLC</subfield><subfield code="d">MGN</subfield><subfield code="d">OCL</subfield><subfield code="d">OCLCQ</subfield></datafield><datafield ind1=" " ind2=" " tag="019"><subfield code="a">9125586</subfield></datafield><datafield ind1=" " ind2=" " tag="042"><subfield code="a">msc</subfield></datafield><datafield ind1="0" ind2="0" tag="050"><subfield code="a">Newspaper</subfield></datafield><datafield ind1="0" ind2="0" tag="245"><subfield code="a">Kansas Nemaha courier.</subfield></datafield><datafield ind1=" " ind2=" " tag="260"><subfield code="a">Seneca, Kan. :</subfield><subfield code="b">Jno. P. Cone</subfield></datafield><datafield ind1=" " ind2=" " tag="300"><subfield code="a">v. ;</subfield><subfield code="c">59 cm.</subfield></datafield><datafield ind1=" " ind2=" " tag="310"><subfield code="a">Weekly</subfield></datafield><datafield ind1="1" ind2=" " tag="362"><subfield code="a">Ceased in 1871.</subfield></datafield><datafield ind1=" " ind2=" " tag="530"><subfield code="a">Also issued on microfilm from Recordak Corp.</subfield></datafield><datafield ind1=" " ind2=" " tag="588"><subfield code="a">Description based on: Vol. 6, no. 40 (Sept. 23, 1869).</subfield></datafield><datafield ind1=" " ind2=" " tag="752"><subfield code="a">United States</subfield><subfield code="b">Kansas</subfield><subfield code="c">Nemaha</subfield><subfield code="d">Seneca.</subfield></datafield><datafield ind1="0" ind2="0" tag="780"><subfield code="t">Nemaha courier</subfield><subfield code="w">(DLC)sn 84027692</subfield><subfield code="w">(OCoLC)11428695</subfield></datafield><datafield ind1="0" ind2="0" tag="785"><subfield code="t">Seneca weekly courier</subfield><subfield code="w">(DLC)sn 84027672</subfield></datafield></record>